<?xml version="1.0" encoding="UTF-8"?><collection xmlns="http://www.loc.gov/MARC21/slim"><record><leader>00557nam--2200193-u-4500</leader><controlfield tag="001">000055464</controlfield><controlfield tag="002">20161230</controlfield><controlfield tag="005">20161230201052</controlfield><controlfield tag="008">130212s1000------------r-----000-0-eng-d</controlfield><datafield ind1=" " ind2=" " tag="020"><subfield code="a">0080264972</subfield></datafield><datafield ind1=" " ind2=" " tag="040"><subfield code="a">IFIN-HH</subfield></datafield><datafield ind1=" " ind2=" " tag="080"><subfield code="a">53:57:61(03)</subfield></datafield><datafield ind1="1" ind2=" " tag="100"><subfield code="a">Mcainsh, T.F</subfield></datafield><datafield ind1="1" ind2="0" tag="245"><subfield code="a">Physics in medicine and biology encyclopedia</subfield><subfield code="b">Medical physics, bioengineering and biophysics</subfield><subfield code="c">T.f. mcainsh (ed.)</subfield></datafield><datafield ind1=" " ind2=" " tag="260"><subfield code="a">Oxford</subfield><subfield code="b">Pergamon Press</subfield><subfield code="c">1986</subfield></datafield><datafield ind1=" " ind2=" " tag="300"><subfield code="a">2 VOL</subfield></datafield><datafield ind1="1" ind2=" " tag="787"><subfield code="a">Vol. 2n-z And Indexes</subfield></datafield><datafield ind1=" " ind2=" " tag="852"><subfield code="a">D.667</subfield><subfield code="c">SLG</subfield></datafield><datafield ind1=" " ind2=" " tag="CAT"><subfield code="a">Sys</subfield><subfield code="c">20130212</subfield><subfield code="h">153409</subfield></datafield></record></collection>